<?xml version="1.0" encoding="UTF-8"?><record xmlns="http://www.loc.gov/MARC21/slim" xmlns:cinclude="http://apache.org/cocoon/include/1.0" xmlns:zs="http://www.loc.gov/zing/srw/">
  <leader>00713cz  a2200145n  4500</leader>
  <controlfield tag="001">n  86140995 </controlfield>
  <controlfield tag="003">DLC</controlfield>
  <controlfield tag="005">20080419080042.0</controlfield>
  <controlfield tag="008">860516n| acannaabn          |n aaa      </controlfield>
  <datafield tag="010" ind1=" " ind2=" ">
    <subfield code="a">n  86140995 </subfield>
  </datafield>
  <datafield tag="035" ind1=" " ind2=" ">
    <subfield code="a">(OCoLC)oca01616103</subfield>
  </datafield>
  <datafield tag="040" ind1=" " ind2=" ">
    <subfield code="a">DLC</subfield>
    <subfield code="b">eng</subfield>
    <subfield code="c">DLC</subfield>
    <subfield code="d">DLC</subfield>
    <subfield code="d">OCoLC</subfield>
  </datafield>
  <datafield tag="100" ind1="1" ind2=" ">
    <subfield code="a">Altman, Jules</subfield>
  </datafield>
  <datafield tag="670" ind1=" " ind2=" ">
    <subfield code="a">NUCMC data from Rutgers Univ. Lib. for Dewey, J. Correspondence with Arthur F. Bentley, 1935-1951</subfield>
    <subfield code="b">(Jules Altman; used documents in preparation of John Dewey and Arthur F. Bentley: A Philosophical Correspondence, 1932-1951, [1964])</subfield>
  </datafield>
  <datafield tag="670" ind1=" " ind2=" ">
    <subfield code="a">LC manual auth. cd.</subfield>
    <subfield code="b">(hdg.: Altman, Jules; field examiner, National Labor Relations Board; studied philosophy at N. Y. Univ. and the New School of Social Research)</subfield>
  </datafield>
</record>